@article{GENERICITY05,
  title={Genericity in evolutionary computation software tools: Principles and case-study},
  author={Gagn{\'e}, C. and Parizeau, M.},
  journal={International Journal on Artificial Intelligence Tools},
  volume={15},
  number={2},
  pages={173},
  year={2006},
  publisher={Citeseer}
}

@article{MALLBA,
 author={Alba,E. and Almeida,F. and Blesa,M. and Cotta,C. and Díaz,M. and Dorta,I. and Gabarr{\'o},J. and Le{\'o}n,C. and Luque,G. and Petit,J. and Rodr{\'i}guez,C. and Rojas,A. and Xhafa,F.},
 year={2006},
 title={Efficient parallel {LAN/WAN} algorithms for optimization. The {MALLBA} project},
 journal={Parallel Computing},
 volume={32},
 number={5-6},
 pages={415-440}, 
}

@inproceedings{HEURISTICLAB,
Author = {Wagner, S and Affenzeller, M},
Editor = {{Ribeiro, B and Albrecht, RF and Dobnikar, A and Pearson, DW and Steele, NC}},
Title = {{HeuristicLab: A generic and extensible optimization environment}},
Booktitle = {{Adaptive and Natural Computing Algorithms}},
Series = {{Springer Computer Science}},
Year = {{2005}},
Pages = {{538-541}},
Note = {{7th International Conference on Adaptive and Natural Computing
   Algorithms (ICANNGA), Coimbra, Portugal, MAR 21-23, 2005}},
}

@Misc{ECJ,
   title={{ECJ: A Java-based Evolutionary Computation and Genetic Programming Research System}},
   author={Luke, S. and others},
   note={Available at  \url{http://www. cs. umd. edu/projects/plus/ec/ecj}},
   year= 2009
 }


@article{JCLEC,
Author = {Ventura, Sebastian and Romero, Cristobal and Zafra, Amelia and Delgado,
   Jose A. and Hervas, Cesar},
Title = {{JCLEC: a Java framework for evolutionary computation}},
Journal = {{Soft Computing}},
Year = {{2008}},
Volume = {{12}},
Number = {{4}},
Pages = {{381-392}},
Month = {{FEB}},
}

@article{GRIDUFO,
title = "The design, usage, and performance of GridUFO: A Grid based Unified Framework for Optimization",
journal = "Future Generation Computer Systems",
volume = "26",
number = "4",
pages = "633 - 644",
year = "2010",
author = "Asim Munawar and Mohamed Wahib and Masaharu Munetomo and Kiyoshi Akama",

}

@article {PERL,
   author = {Merelo Guerv\'os, Juan and Castillo, Pedro and Alba, Enrique},
   affiliation = {Universidad de Granada Depto. Arquitectura y Tecnología de Computadores, ETS Ingenierías Inform{\'a}tica y Telecomunicaciones Granada Spain},
   title = {Algorithm::Evolutionary, a flexible {P}erl module for evolutionary computation},
   journal = {Soft Computing - A Fusion of Foundations, Methodologies and Applications},
   publisher = {Springer Berlin / Heidelberg},
   issn = {1432-7643},
   keyword = {Computer Science},
   pages = {1091-1109},
   volume = {14},
   issue = {10},
   year = {2010}
}

@inproceedings{JMETAL,
  author    = {Juan Jos{\'e} Durillo and
               Antonio J. Nebro and
               Enrique Alba},
  title     = {The jMetal framework for multi-objective optimization: Design
               and architecture},
  booktitle = {IEEE Congress on Evolutionary Computation},
  year      = {2010},
  pages     = {1-8},

}

@InProceedings{DREAM,
 		  author = 	 { M.G. Arenas and Pierre Collet and
                   A.E. Eiben and M\'ark Jelasity and J. J. Merelo and
                   Ben Paechter and Mike Preu\ss and Marc Schoenauer}, 
 		    title = 	 {A Framework for Distributed Evolutionary Algorithms},
	booktitle={Parallel Problem Solving from Nature, PPSN VII},
 pages = {665--675},
 year={2002},

}

@article {SURVEYMOFS,

   author = {Parejo, Jos{\'e} and Ruiz-Cort{\'e}s, Antonio and Lozano, Sebasti{\'a}n and Fernandez, Pablo},

   affiliation = {University of Sevilla, Seville, Spain},

   title = {Metaheuristic optimization frameworks: a survey and benchmarking},

   journal = {Soft Computing - A Fusion of Foundations, Methodologies and Applications},

   publisher = {Springer Berlin / Heidelberg},

   issn = {1432-7643},

   keyword = {Engineering},

   pages = {527-561},

   volume = {16},

   issue = {3},

   url = {http://dx.doi.org/10.1007/s00500-011-0754-8},

   note = {10.1007/s00500-011-0754-8},

   year = {2012},

}

@article{CELLULAR,
year={2013},
issn={0920-8542},
journal={The Journal of Supercomputing},
volume={63},
issue={3},
doi={10.1007/s11227-012-0773-y},
title={Cellular genetic algorithms without additional parameters},
publisher={Springer US},
author={Dorronsoro, Bernab{\'e} and Bouvry, Pascal},
pages={816-835},
}