

@article{soriga,
 author = {Renato Tin\'{o}s and Shengxiang Yang},
 title = {A self-organizing random immigrants genetic algorithm for dynamic optimization problems},
 journal = {Genetic Programming and Evolvable Machines},
 volume = {8},
 number = {3},
 year = {2007},
 issn = {1389-2576},
 pages = {255--286},
 doi = {http://dx.doi.org/10.1007/s10710-007-9024-z},
 publisher = {Kluwer Academic Publishers},
 address = {Hingham, MA, USA},
 }


@InProceedings{sarma:nsen,
  author = 	 {J. Sarma and K.A. De Jong},
  title = 	 {The behavior of spatially distributed evolutionary algorithms in non-stationary environments},
  OPTcrossref =  {},
  OPTkey = 	 {},
  booktitle = {GECCO '99},
  pages = 	 {572--578},
  year = 	 {1999},
  editor = 	 {W. Banzhaf and J.M. Daida and E.A. Eiben and M.H. Garzon
and V. Honavar and M. Jakiela and R.E. Smith},
  OPTvolume = 	 {},
  OPTnumber = 	 {},
  OPTseries = 	 {},
  OPTaddress = 	 {},
  OPTmonth = 	 {},
  OPTorganization = {},
  publisher = {Orlando, FL, USA. Morgan Kaufman},
  OPTnote = 	 {},
  OPTannote = 	 {}
}

@InBook{alba:dop,
  author = 	 {Enrique Alba and Juan Saucedo Badia and Gabriel Luque},
  ALTeditor = 	 {},
  title = 	 {Meteheuristics},
  chapter = 	 {A {S}tudy of {C}anonical {GA}s for {NSOP}s},
  publisher = 	 {Springer US},
  year = 	 {2007},
  OPTkey = 	 {},
  volume = 	 {39},
  OPTnumber = 	 {},
  series = 	 {Operations Research/Computer Science Interfaces},
  OPTtype = 	 {},
  OPTaddress = 	 {},
  OPTedition = 	 {},
  OPTmonth = 	 {},
  pages = 	 {245--260},
  OPTnote = 	 {},
  OPTannote = 	 {}
}



@inproceedings{laredo08:dop,
  author    = {Juan Lu\'{\i}s Jim{\'e}nez Laredo and
               Pedro A. Castillo and
               Antonio Miguel Mora and
               Juan Juli{\'a}n Merelo Guerv{\'o}s and
               Agostinho Cl{\'a}udio da Rosa and
               Carlos Fernandes},
  title     = {Evolvable Agents in Static and Dynamic Optimization Problems},
  booktitle = {PPSN},
  year      = {2008},
  pages     = {488-497},
  ee        = {http://dx.doi.org/10.1007/978-3-540-87700-4_49},
  crossref  = {DBLP:conf/ppsn/2008},
  bibsource = {DBLP, http://dblp.uni-trier.de}
}
@proceedings{DBLP:conf/ppsn/2008,
  editor    = {G{\"u}nter Rudolph and
               Thomas Jansen and
               Simon M. Lucas and
               Carlo Poloni and
               Nicola Beume},
  title     = {Parallel Problem Solving from Nature - PPSN X, 10th International
               Conference Dortmund, Germany, September 13-17, 2008, Proceedings},
  booktitle = {PPSN},
  publisher = {Springer},
  series    = {Lecture Notes in Computer Science},
  volume    = {5199},
  year      = {2008},
  isbn      = {978-3-540-87699-1},
  bibsource = {DBLP, http://dblp.uni-trier.de}
}


@InProceedings{laredo08:churn,
author = {J.L.J. Laredo and P.A. Castillo and A.M. Mora and C. Fernandes and J.J. Merelo},
title = {Addressing {C}hurn in a {P}eer-to-{P}eer {E}volutionary {A}lgorithm},
booktitle = {Parallel {A}rchitectures and {B}ioinspired {A}lgorithms ({PACT'08})},
OPTcrossref = {},
OPTkey = {},
OPTpages = {},
year = {2008},
OPTeditor = {},
OPTvolume = {},
OPTnumber = {},
OPTseries = {},
OPTaddress = {},
month = {October},
OPTorganization = {},
OPTpublisher = {},
note = {To be published},
OPTannote = {}
}


@inproceedings{ angeline:tracking,
    author = "Peter J. Angeline",
    title = "Tracking Extrema in Dynamic Environments",
    booktitle = "Proceedings of the 6th International Conference on Evolutionary Programming",
    volume = "1213",
    month = "13-16",
    publisher = "Springer Verlag",
    address = "Indianapolis, Indiana, USA",
    editor = "P. J. Angeline and R. G. Reynolds and J. R. McDonnell and R. Eberhart",
    isbn = "3-540-62788-X",
    year = "1997",
    url = "citeseer.ist.psu.edu/angeline97tracking.html" }


@article{yang:dop,
 author = {Shengxiang Yang and Xin Yao},
 title = {Experimental study on population-based incremental learning algorithms for dynamic optimization problems},
 journal = {Soft Comput.},
 volume = {9},
 number = {11},
 year = {2005},
 issn = {1432-7643},
 pages = {815--834},
 doi = {http://dx.doi.org/10.1007/s00500-004-0422-3},
 publisher = {Springer-Verlag},
 address = {Berlin, Heidelberg},
 }


@book{ackley:trap,
 author = {David H. Ackley},
 title = {A connectionist machine for genetic hillclimbing},
 year = {1987},
 isbn = {0-89838-236-X},
 publisher = {Kluwer Academic Publishers},
 address = {Norwell, MA, USA},
 }

@InProceedings{plagues,
author = {F. Fern\'andez de Vega and Erik Cant\'u-Paz and J.I. L\'opez and T. Manzano},
title = {Saving Resources with Plagues in Genetic Algorithms},
booktitle = {Parallel Problem Solving from Nature - PPSN VIII},
OPTcrossref = {},
OPTkey = {},
pages = {272--281},
year = {2004},
OPTeditor = {},
OPTvolume = {},
OPTnumber = {},
series = {LNCS},
OPTaddress = {},
OPTmonth = {},
OPTorganization = {},
OPTpublisher = {},
OPTnote = {},
OPTannote = {}
}



@inproceedings{vega06:faulttolerance,
 author = {Francisco Fernandez De Vega},
 title = {A Fault Tolerant Optimization Algorithm based on Evolutionary Computation},
 booktitle = {DEPCOS-RELCOMEX '06: Proceedings of the International Conference on Dependability of Computer Systems},
 year = {2006},
 isbn = {0-7695-2565-2},
 pages = {335--342},
 doi = {http://dx.doi.org/10.1109/DEPCOS-RELCOMEX.2006.2},
 publisher = {IEEE Computer Society},
 address = {Washington, DC, USA},
 }

@inproceedings{lombrana07:faulttolerance,
 author = {Daniel Lombrana Gonzalez and Francisco Fernandez de Vega},
 title = {On the Intrinsic Fault-Tolerance Nature of Parallel Genetic Programming},
 booktitle = {PDP '07: Proceedings of the 15th Euromicro International Conference on Parallel, Distributed and Network-Based Processing},
 year = {2007},
 isbn = {0-7695-2784-1},
 pages = {450--458},
 doi = {http://dx.doi.org/10.1109/PDP.2007.56},
 publisher = {IEEE Computer Society},
 address = {Washington, DC, USA},
 }

@InProceedings{scriven08:p2ppso,
author = {I. Scriven and A. Lewis and D. Ireland and J. Lu},
title = {Decentralised Distributed Multiple Objective Particle Swarm Optimisation Using Peer to Peer Networks},
booktitle = {IEEE Congress on Evolutionary Computation (CEC2008), WCCI2008 Proceedings},
OPTcrossref = {},
OPTkey = {},
OPTpages = {},
year = {2008},
OPTeditor = {},
OPTvolume = {},
OPTnumber = {},
OPTseries = {},
OPTaddress = {},
month = {June},
OPTorganization = {},
publisher = {IEEE Press, Hong Kong},
OPTnote = {},
OPTannote = {}
}


@InProceedings{scriven08:psounreliable,
author = {I. Scriven and D. Ireland and A. Lewis and S. Mostaghim and J. Branke},
title = {Asynchronous Multiple Objective Particle Swarm Optimisation in Unreliable Distributed Environments},
booktitle = {IEEE Congress on Evolutionary Computation (CEC2008), WCCI2008 Proceedings},
OPTcrossref = {},
OPTkey = {},
OPTpages = {},
year = {2008},
OPTeditor = {},
OPTvolume = {},
OPTnumber = {},
OPTseries = {},
OPTaddress = {},
month = {June},
OPTorganization = {},
publisher = {IEEE Press, Hong Kong},
OPTnote = {},
OPTannote = {}
}



@inproceedings{hidalgo07:islandtolerant,
 author = {J. Ignacio Hidalgo and Juan Lanchares and Francisco Fern\'{a}ndez de Vega and Daniel Lombrana},
 title = {Is the island model fault tolerant?},
 booktitle = {GECCO '07: Proceedings of the 2007 GECCO conference companion on Genetic and evolutionary computation},
 year = {2007},
 isbn = {978-1-59593-698-1},
 pages = {2737--2744},
 location = {London, United Kingdom},
 doi = {http://doi.acm.org/10.1145/1274000.1274085},
 publisher = {ACM},
 address = {New York, NY, USA},
 }

@inproceedings{ clemente03asynchronous,
  author = {J. Clemente and X. Defago and K. Satou},
  title = {Asynchronous Peer-to-Peer Communication for Failure Resilient Distributed Genetic Algorithms},
  booktitle = {IASTED Conf. PDCS},
  pages = {769--773},
  year = {2003},
  url = {citeseer.ist.psu.edu/clemente03asynchronous.html} }


@article{laredo2008:softcomputing,
  author    = {Juan Lu\'{\i}s Jim{\'e}nez Laredo and
               Pedro A. Castillo and
               Antonio Miguel Mora and
               Juan Juli{\'a}n Merelo Guerv{\'o}s},
  title     = {Evolvable agents, a fine grained approach for distributed
               evolutionary computing: walking towards the peer-to-peer
               computing frontiers},
  journal   = {Soft Computing - A Fusion of Foundations, Methodologies and Applications},
  volume    = {12},
  number    = {12},
  year      = {2008},
  pages     = {1145--1156},
  ee        = {http://dx.doi.org/10.1007/s00500-008-0297-9},
  bibsource = {DBLP, http://dblp.uni-trier.de}
}


@article{derek05:pareto,
 author = {Derek Leonard and Vivek Rai and Dmitri Loguinov},
 title = {On lifetime-based node failure and stochastic resilience of decentralized peer-to-peer networks},
 journal = {SIGMETRICS Perform. Eval. Rev.},
 volume = {33},
 number = {1},
 year = {2005},
 issn = {0163-5999},
 pages = {26--37},
 doi = {http://doi.acm.org/10.1145/1071690.1064217},
 publisher = {ACM},
 address = {New York, NY, USA},
 }

@article{li05:exponential,
title={A performance vs. cost framework for evaluating DHT design tradeoffs under churn},
author={Jinyang Li and Stribling, J. and Morris, R. and Kaashoek, M.F. and Gil, T.M.},
journal={INFOCOM 2005. 24th Annual Joint Conference of the IEEE Computer and Communications Societies. Proceedings IEEE},
year={2005},
month={March},
volume={1},
number={},
pages={ 225--236},
doi={10.1109/INFCOM.2005.1497894},
ISSN={0743-166X } }

@InProceedings{merelo08:agajaj,
author = {J.J. Merelo and P.A. Castillo and J.L.J. Laredo and A.M. Mora  and A. Prieto},
title = {Asynchronous Distributed Genetic Algorithms with {J}avascript and {JSON}},
booktitle = {IEEE Congress on Evolutionary Computation (CEC2008), WCCI2008 Proceedings},
OPTcrossref = {},
OPTkey = {},
pages = {1372--1379},
year = {2008},
OPTeditor = {},
OPTvolume = {},
OPTnumber = {},
OPTseries = {},
OPTaddress = {},
month = {June},
isbn = {978-1-4244-1823-7},
OPTorganization = {},
publisher = {IEEE Press, Hong Kong},
OPTnote = {},
OPTannote = {}
}


@inproceedings{Stutzbach06Understanding,
	address = {New York, NY, USA},
	author = {Stutzbach, Daniel   and Rejaie, Reza  },
	booktitle = {Proceedings of the 6th ACM SIGCOMM on Internet measurement (IMC 2006)},
	citeulike-article-id = {1033045},
	doi = {10.1145/1177080.1177105},
	isbn = {1595935614},
	journal = {Proceedings of the 6th ACM SIGCOMM on Internet measurement (IMC 2006)},
	keywords = {bittorrent, mak, measurements, p2p, systems, traces},
	pages = {189--202},
	posted-at = {2007-01-12 17:42:30},
	priority = {5},
	publisher = {ACM Press},
	title = {Understanding churn in peer-to-peer networks},
	url = {http://portal.acm.org/citation.cfm?id=1177105},
	year = {2006}
}

@InProceedings{laredo:cec2008,
author = {J.L.J. Laredo and P.A. Castillo and A.M. Mora and J.J. Merelo},
title = {Exploring Population Structures for Locally Concurrent and Massively Parallel Evolutionary Algorithms},
booktitle = {IEEE Congress on Evolutionary Computation (CEC2008), WCCI2008 Proceedings},
OPTcrossref = {},
OPTkey = {},
pages = {2610--2617},
year = {2008},
OPTeditor = {},
OPTvolume = {},
OPTnumber = {},
OPTseries = {},
OPTaddress = {},
month = {June},
isbn = {978-1-4244-1823-7},
OPTorganization = {},
publisher = {IEEE Press, Hong Kong},
OPTnote = {},
OPTannote = {}
}

@inproceedings{laredo08:large,
	title = {P2{P} {E}volutionary {A}lgorithms: {A} Suitable Approach for Tackling Large Instances in Hard Optimization Problems.},
	author = {J.L.J. Laredo and A.E. Eiben and M. van Steen and P.A. Castillo and A.M. Mora and J.J. Merelo },
	booktitle = {Euro-Par},
	editor = {Emilio Luque and Tomas Margalef and Domingo Benitez},
	pages = {622--631},
	publisher = {Springer},
	series = {Lecture Notes in Computer Science},
	url = {http://dblp.uni-trier.de/db/conf/europar/europar2008.html#LaredoESCMG08},
	volume = {5168},
	year = {2008},
	biburl = {http://www.bibsonomy.org/bibtex/28004d883be9b81ab084cbb2c1e2941eb/dblp},
	description = {dblp},
	date = {2008-08-25}, ee = {http://dx.doi.org/10.1007/978-3-540-85451-7_66}, isbn = {978-3-540-85450-0},
	keywords = {dblp }
}





@Misc{peersim,
  OPTkey = 	 {},
  author = 	 {G.P. Jesi},
  title = 	 {Peersim, a peer-to-peer simulator},
  howpublished = {\url{http://peersim.sourceforge.net/}},
  OPTmonth = 	 {},
  OPTyear = 	 {},
  OPTnote = 	 {},
  OPTannote = 	 {},
}

@article{seti,
 author = {David P. Anderson and Jeff Cobb and Eric Korpela and Matt Lebofsky and Dan Werthimer},
 title = {{SETI}@home: an experiment in public-resource computing},
 journal = {Commun. ACM},
 volume = {45},
 number = {11},
 year = {2002},
 issn = {0001-0782},
 pages = {56--61},
 doi = {http://doi.acm.org/10.1145/581571.581573},
 publisher = {ACM},
 address = {New York, NY, USA},
 }


 @InBook{dreo:techniques,
  author = 	 {Johann Dr\'eo and Patrick Siarry and Alain P\'etrowski and Eric Taillard},
  ALTeditor = 	 {},
  title = 	 {Metaheuristics for Hard Optimization},
  chapter = 	 {Some Other Metaheuristics},
  publisher = 	 {Springer Berlin Heidelberg},
  year = 	 {2006},
  OPTkey = 	 {},
  OPTvolume = 	 {},
  OPTnumber = 	 {},
  OPTseries = 	 {},
  OPTtype = 	 {},
  OPTaddress = 	 {},
  OPTedition = 	 {},
  month = 	 {January},
  pages = 	 {153--177},
  OPTnote = 	 {},
  OPTannote = 	 {}
}





@inproceedings{preuss04ppsn,
title = {On the Importance of Information Speed in Structured Populations.},
author = {Mike Preuss and Christian Lasarczyk},
booktitle = {PPSN},
OPTeditor = {Xin Yao and Edmund K. Burke and José Antonio Lozano and Jim Smith and Juan J. Merelo Guervós and John A. Bullinaria and Jonathan E. Rowe and Peter Tiño and Ata Kabán and Hans-Paul Schwefel},
pages = {91-100},
publisher = {Springer},
OPTseries = {Lecture Notes in Computer Science},
OPTurl = {http://dblp.uni-trier.de/db/conf/ppsn/ppsn2004.html#PreussL04},
volume = {3242},
year = {2004},
OPTisbn = {3-540-23092-0}, 
OPTdate = {2004-12-22},
OPTkeywords = {dblp }
} 


@article{wattsstrogatz,
 author = {D.J. Watts and S.H. Strogatz},
 title = {Collective dynamics of "small-world" networks},
 journal = {Nature},
 volume = {393},
 year = {1998},
 pages = {440--442},
 doi = {http://dx.doi.org/10.1038/30918},
 }


@TechReport{sastry:bisection,
  author = 	 {K. Sastry},
  title = 	 {Evaluation-relaxation schemes for genetic and evolutionary algorithms},
  institution =  {University of Illinois at Urbana-Champaign, Urbana, IL.},
  year = 	 {2001},
  OPTkey = 	 {},
  OPTtype = 	 {},
  number = 	 {2002004},
  OPTaddress = 	 {},
  OPTmonth = 	 {},
  OPTnote = 	 {},
  OPTannote = 	 {}
}


@TechReport{grefenstette,
  author = 	 {J.J. Grefenstette},
  title = 	 {Parallel adaptive algorithms for function optimization},
  institution =  {Vanderbilt University, Computer Science Department, Nashville},
  year = 	 {1981},
  OPTkey = 	 {},
  OPTtype = 	 {},
  number = 	 {CS-81-19},
  OPTaddress = 	 {},
  OPTmonth = 	 {},
  OPTnote = 	 {},
  OPTannote = 	 {}
}

@InProceedings{droste00natural,
  author = 	 {S. Droste and T. Jansen and I. Wegener},
  title = 	 {A natural and simple function which is hard for all evolutionary algorithms},
  booktitle = {IEEE International Conference on Industrial Electronics, Control, and Instrumentation, IECON},
  pages = 	 {2704--2709},
  year = 	 {2000},
  address = 	 {Piscataway, NJ},
  publisher = {IEEE Press},

}




@inproceedings{goldberg92massive,
	address = {Amsterdam},
	author = {Goldberg, David  E.  and Deb, Kalyanmoy   and Horn, Jeffrey  },
	booktitle = {Parallel Problem Solving from Nature, 2},
	citeulike-article-id = {1576735},
	OPTeditor = {M\"{anner}, R.  and Manderick, B. },
	keywords = {problem_analysis},
	priority = {2},
	publisher = {Elsevier Science Publishers, B. V.},
	title = {Massive Multimodality, Deception, and Genetic Algorithms},
	url = {http://citeseer.ist.psu.edu/133799.html},
	year = {1992}
} 


@Book{mac77ecc,
  author = 	 {F.J. MacWilliams and N.J.A. Sloane},
  ALTeditor = 	 {},
  title = 	 {The Theory of Error-Correcting Codes},
  publisher = 	 { North-Holland: Amsterdam},
  year = 	 {1977},
  OPTkey = 	 {},
  OPTvolume = 	 {},
  OPTnumber = 	 {},
  OPTseries = 	 {},
  OPTaddress = 	 {},
  OPTedition = 	 {},
  OPTmonth = 	 {},
  OPTnote = 	 {},
  OPTannote = 	 {}
}

@article{hao98parallel,
 author = {Hao Chen and Nicholas S. Flann and Daniel W. Watson},
 title = {Parallel Genetic Simulated Annealing: A Massively Parallel SIMD Algorithm},
 journal = {IEEE Trans. Parallel Distrib. Syst.},
 volume = {9},
 number = {2},
 year = {1998},
 issn = {1045-9219},
 pages = {126--136},
 doi = {http://dx.doi.org/10.1109/71.663870},
 publisher = {IEEE Press},
 address = {Piscataway, NJ, USA},
 }

@inproceedings{ dejong97using,
    author = "Kenneth A. De Jong and Mitchell A. Potter and William M. Spears",
    title = "Using Problem Generators to Explore the Effects of Epistasis",
    booktitle = "Proceedings of the Seventh International Conference on Genetic Algorithms (ICGA97)",
    publisher = "Morgan Kaufmann",
    address = "San Francisco, CA",
    OPTeditor = "Thomas B{\"a}ck",
    year = "1997",
    url = "citeseer.ist.psu.edu/dejong97using.html" 
}




@article{ wolpert97no,
    author = "David H. Wolpert and William G. Macready",
    title = "No Free Lunch Theorems for Optimization",
    journal = "IEEE Transactions on Evolutionary Computation",

    volume = "1",
    number = "1",
    month = "April",
    pages = "67-82",
    year = "1997",
    url = "
citeseer.ist.psu.edu/wolpert96no.html" }



@inproceedings{eiben:autonomous,
 author = {A. E. Eiben and Marc Schoenauer and D. W. F. van Krevelen and M. C. Hobbelman and M. A. ten Hagen and R. C. van het Schip},
 title = {Autonomous selection in evolutionary algorithms},
 
 booktitle = {GECCO '07}, 
 year = {2007},
 isbn = {978-1-59593-697-4},
 pages = {1506--1506},
 location = {London, England},

 doi = {http://doi.acm.org/10.1145/1276958.1277235},
 publisher = {ACM Press},
 address = {New York, NY, USA},
 }


@inproceedings{upali:adaptive,

 author = {W. R. M. U. K. Wickramasinghe and M. van Steen and A. E. Eiben},
 title = {Peer-to-{P}eer evolutionary algorithms with adaptive autonomous selection},
 booktitle = {GECCO '07},

 year = {2007},
 isbn = {978-1-59593-697-4},
 pages = {1460--1467},
 location = {London, England},
 doi = {http://doi.acm.org/10.1145/1276958.1277225},
 publisher = {ACM Press},
 address = {New York, NY, USA},
 }

@inproceedings{laredo:selection,
 author = {J. L. J. Laredo and E. A. Eiben and M. Schoenauer  and P. A. Castillo and A. M. Mora and J. J. Merelo},

 title = {Exploring selection mechanisms for an agent-based distributed evolutionary algorithm},
 booktitle = {GECCO '07},

 year = {2007},
 isbn = {978-1-59593-698-1},
 pages = {2801--2808},
 location = {London, United Kingdom},
 doi = {http://doi.acm.org/10.1145/1274000.1274086},
 publisher = {ACM Press},
 address = {New York, NY, USA},
 }

@techreport{CEC2005RealParameterOptimization,
	address = {Singapore},
	author = {Suganthan, P. N.  and Hansen, N.  and Liang, J. J.  and Deb, K.  and Chen, Y. P.  and Auger, A.  and Tiwari, S. },
	citeulike-article-id = {1306007},
	institution = {Nanyang Technological University},
	title = {Problem {D}efinitions and {E}valuation {C}riteria for the {CEC} 2005 {S}pecial {S}ession on {R}eal-{P}arameter {O}ptimization},
	year = {2005}
}
@book{tomassini,
 author = {Marco Tomassini},
 title = {Spatially Structured Evolutionary Algorithms: Artificial Evolution in Space and Time (Natural Computing Series)},
 year = {2005},
 isbn = {3540241930},

 publisher = {Springer-Verlag New York, Inc.},
 address = {Secaucus, NJ, USA},
 }

@InProceedings{tsp:multiagent,
  author = 	 {Y.A. Tan and X. Zhang and L.N. Xing and X.L. Zhang and S.W. Wang},
  title = 	 {An improved multi-agent approach for solving large traveling salesman problem},
  booktitle = {Lecture Notes in Computer Science (including subseries Lecture Notes in Artificial Intelligence and Lecture Notes in Bioinformatics) },
  pages = 	 {351--361},
  year = 	 2006,
  volume = 	 4088,
  series = 	 {LNAI},
  publisher = {Springer-Verlag}
}

@article{jelasity:gossip,
 author = {M\'ark Jelasity and Alberto Montresor and Ozalp Babaoglu},
 title = {Gossip-based aggregation in large dynamic networks},
 journal = {ACM Trans. Comput. Syst.},
 volume = {23},
 number = {3},
 year = {2005},
 issn = {0734-2071},
 pages = {219--252},
 OPTdoi = {http://doi.acm.org/10.1145/1082469.1082470},
 publisher = {ACM Press},
 address = {New York, NY, USA},
 }


@book{cantu:parallelga,
 author = {Erick Cant\'u-Paz},
 title = {Efficient and Accurate Parallel Genetic Algorithms},
 year = {2000},
 isbn = {0792372212},
 publisher = {Kluwer Academic Publishers},
 address = {Norwell, MA, USA},
 }

 @InProceedings{Fernandez:balancing,
  author = 	 {I. Hidalgo and F. Fern\'andez},
  title = 	 {Balancing the Computation Effort in Genetic Algorithms},
  booktitle = {Evolutionary Computation, 2005. The 2005 IEEE Congress on},
  pages = 	 {1645--1652},
volume = 2,
 doi = {10.1109/CEC.2005.1554886},
  year = 	 2005,
  publisher = {IEEE Press}
}


@inproceedings{wehrle05:p2p,
  author    = {Ralf Steinmetz and
               Klaus Wehrle},
  title     = {What Is This Peer-to-Peer About?},
  booktitle = {Peer-to-Peer Systems and Applications},
  year      = {2005},
  pages     = {9-16},
  ee        = {http://dx.doi.org/10.1007/11530657_2},
  crossref  = {DBLP:conf/p2p/2005lncs},
  bibsource = {DBLP, http://dblp.uni-trier.de}
}

@proceedings{DBLP:conf/p2p/2005lncs,
  editor    = {Ralf Steinmetz and
               Klaus Wehrle},
  title     = {Peer-to-Peer Systems and Applications},
  booktitle = {Peer-to-Peer Systems and Applications},
  publisher = {Springer},
  series    = {Lecture Notes in Computer Science},
  volume    = {3485},
  year      = {2005},
  isbn      = {3-540-29192-X},
  bibsource = {DBLP, http://dblp.uni-trier.de}
}

@proceedings{DBLP:conf/ap2pc/2003,
  editor    = {Gianluca Moro and
               Claudio Sartori and
               Munindar P. Singh},
  title     = {Agents and Peer-to-Peer Computing, Second International
               Workshop, AP2PC 2003, Melbourne, Australia, July 14, 2003,
               Revised and Invited Papers},
  booktitle = {AP2PC},
  publisher = {Springer},
  series    = {Lecture Notes in Computer Science},
  volume    = {2872},
  year      = {2004},
  isbn      = {3-540-24053-5},
  bibsource = {DBLP, http://dblp.uni-trier.de}
}


@InProceedings{arenas:dream,
		  author = 	 { M.G. Arenas and Pierre Collet and A.E. Eiben and M. Jelasity and J.J. Merelo and Ben Paechter and Mike Preuss and Marc Schoenauer},
		    title = 	 {A Framework for Distributed Evolutionary Algorithms},
		      booktitle = 	 {Parallel Problem Solving from Nature - PPSN VII, Granada, Spain },
		      pages = 	 {665-675},
  year = 	 {2002},
  OPTeditor = 	 {J.J. Merelo Guerv\'os and P. Adamidis and H.G. Beyer and J.L. Fern\'andez-Villaca\~nas and H.P. Schwefel},
  number = 	 {2439},
  series = 	 {Lecture Notes in Computer Science, LNCS},
  publisher = {Springer-Verlag},
  OPTnote = 	 {Keywords: Implementation::Parallel EAs, Related::Simulated Adaptive Behavior, Technique::Advanced techniques - miscellaneous, Technique::Evolutionary computing - general, Technique::Evolutionary computing - miscellaneous},
		 annote = {Available from http://link.springer.de/link/service/series/0558/papers/2439/243900665.pdf },
}

@Article{overlaynetworks,
  author = 	 {Diego Doval and Donal O'{}Mahony},
  title = 	 {Overlay Networks: A Scalable Alternative for {P2P}},
  journal = 	 {IEEE Internet Computing},
  year = 	 2003,
  volume =	 7,
  number =	 4,
  pages = 	 {79--82},
  month = 	 {July/August}
}

@InProceedings{cantu99:topologies,
author =	{Erick Cant\'u-Paz},
  title =	{Topologies, Migration Rates, and Multi-Population Parallel Genetic Algorithms},
  booktitle =	{Proceedings of the Genetic and Evolutionary Computation Conference},
  year =	{1999},
  OPTeditor = 	{Wolfgang Banzhaf and Jason Daida and Agoston E. Eiben and Max H. Garzon and Vasant Honavar and Mark Jakiela and Robert E. Smith},
  volume =	{1},
  pages = 	{91--98},
  address = 	{Orlando, Florida, USA},
  publisher_address = 	{San Francisco, CA 94104, USA},
  month = 	{13-17 July},
  publisher = 	{Morgan Kaufmann},
  note =	{},
  keywords =    {genetic algorithms and classifier systems},
  ISBN =        {1-55860-611-4},
  url =         {http://www.cs.bham.ac.uk/~wbl/biblio/gecco1999/gecco99-topologies.pdf},
  notes =	{GECCO-99
  	A joint meeting of the eighth international conference on
  	genetic algorithms (ICGA-99) and the fourth annual genetic
  	programming conference (GP-99)}
}

@inproceedings{g2dga,
 author = {Johan Berntsson},
 title = {G2{D}{G}{A}: an adaptive framework for internet-based distributed genetic algorithms},
 booktitle = {GECCO '05: Proceedings of the 2005 workshops on Genetic and evolutionary computation},
 year = {2005},
 isbn = {0-123-45699-9},
 pages = {346--349}
}




@InProceedings{jade,
  author = 	 {Moraitis, P. and Spanoudakis, N},
  title = 	 {Combining {G}aia and {JADE} for {M}ulti-Agent {S}ystems {D}evelopment},
  booktitle = {17th European Meeting on Cybernetics and Systems Research (EMCSR 2004)},
  year = 	 {2004},
  note = {http://smealsearch2.psu.edu/120082.html}
}

@inproceedings{multiagent,
    author = "Jean-Philippe Vacher and Alain Cardon and Franck Lesage and Thierry Galinho",
    title = "Genetic {A}lgorithms in a {M}ulti-{A}gent {S}ystem",
    booktitle = "Proceedings {IEEE} International Joint Symposia on Intelligence and Systems",
    address = "Rockville, MD, USA",
    pages = "17--26",
    year = "1998",
    url = "citeseer.ist.psu.edu/vacher97genetic.html" 
}


@InProceedings{agcombinados,
  author = 	 {E.R.C. Viveros and B. Bar\'an },
  title = 	 {Algoritmos Gen\'eticos As\'incronos Combinados para una Red Heterog\'enea de Computadoras},
  booktitle = {Conferencia Internacional de Ciencia y Tecnolog\'ia para el Desarrollo},
  year = 	 1997,
  note = {http://www.cnc.una.py/cms/invest/download.php?id=46205,66,1}
}


@InProceedings{eiben:onthefly,
  author =       "A.E. Eiben and E. Marchiori and V.A. Valk\'o",
  title =        "Evolutionary Algorithms with on-the-fly Population
                  Size Adjustment",
  booktitle =    "Parallel Problem Solving from Nature - PPSN VIII",
  year =         "2004",
  OPTeditor =       "Xin Yao and Edmund Burke and Jose A. Lozano and 
                  Jim Smith and Juan J. Merelo-Guerv\'os and John 
                  A. Bullinaria and Jonathan Rowe and Peter Ti\v{n}o
                  Ata Kab\'an and Hans-Paul Schwefel",
  volume =       "3242",
  pages =        "41--50",
  series =       "LNCS",
  address =      "Birmingham, UK",
  publisher_address = "Berlin",
  month =        "September",
  publisher =    "Springer-Verlag",
  isbn =         "3-540-23092-0"
}

@Book{tsp,
  author = 	 {E.J. Lawler and J.K. Lenstra and A.H.G. Rinnoy Kan and D.B. Shmoys},
  title = 	 {The travelling salesman problem: A guided tour of combinatorial optimization.},
  publisher = 	 {New {Y}ork: {W}iley and {S}ons},
  year = 	 1985
}

@Book{michalewicz,
  author = 	 {Zbigniew Michalewicz},
  title = 	 {Genetic Algorithms + Data Structures = Evolution Programs},
  publisher = 	 {\copyright Springer},
  year = 	 1998,
  edition = 	 3,
  month = 	 {November}
}

@article{blackboard,
        author={Nii,H. P.},
        year={1986},
        title={BLACKBOARD SYSTEMS: THE BLACKBOARD MODEL OF PROBLEM SOLVING AND THE EVOLUTION OF BLACKBOARD ARCHITECTURES.},
        journal={AI Magazine},
        volume={7},
        number={2},
        pages={38-53},
        note={Cited By (since 1996): 101},
        url={www.scopus.com}}

@inproceedings{blackboard2,
  author    = "Daniel D Corkill",
  title     = "{Collaborating Software: Blackboard and Multi-Agent
               Systems \& the Future}",
  booktitle = "Proceedings of the International Lisp Conference",
  month     = "October",
  year      = "2003",
  address   = "New York, New York",
  url       = "http://mas.cs.umass.edu/paper/265",
}

@InProceedings{laredo:autoadaptacion,
  author = 	 {J.L.J.Laredo and P.A. Castillo and A.M. Mora and J.J. Merelo},
  title = 	 {Estudio preliminar sobre autoadaptaci\'on en agentes evolutivos sobre arquitecturas heterog\'eneas},
  booktitle = {XVII Jornadas de Paralelismo -- XVII JP},
  pages = 	 {389--394},
  year = 	 2006,
  month = 	 {September}
}

@InProceedings{laredo:validacion,
  author = 	 {J.L.J.Laredo and P.A. Castillo and G.Romero and A.M. Mora and J.J. Merelo and M.G. Arenas},
  title = 	 {Validaci\'on de un sistema computacional P2P mediante un
estudio emp\'irico},
  booktitle = {XVII Jornadas de Paralelismo -- XVII JP},
  pages = 	 {235--240},
  year = 	 2006,
  month = 	 {September}
}

@TechReport{jelasity:newscast,
  author = 	 {M{\'a}rk Jelasity and Maarten van Steen},
  title = 	 {Large-Scale Newscast Computing on the {Internet}},
  institution =  {Vrije Universiteit Amsterdam,
                Department of Computer Science},
  year = 	 2002,
  number = 	 {IR-503},
  address = 	 {Amsterdam, The Netherlands},
  month = 	 {October},
  url = {http://www.cs.vu.nl/pub/papers/globe/IR-503.02.pdf}
}


 @InBook{spyros:robustscalable,
  author = 	 {Spyros Voulgaris and M\'ark Jelasity and Maarten van Steen},
  OPTeditor = 	 {},
  title = 	 {Agents and Peer-to-Peer Computing},
  chapter = 	 {A Robust and Scalable Peer-to-Peer Gossiping Protocol},
  publisher = 	 {Springer Berlin / Heidelberg},
  year = 	 {2004},
  OPTkey = 	 {},
  volume = 	 {2872},
  OPTnumber = 	 {},
  series = 	 {Lecture Notes in Computer Science (LNCS)},
  isbn = {978-3-540-24053-2},
  doi = {10.1007/b104265},
  OPTtype = 	 {},
  OPTaddress = 	 {},
  OPTedition = 	 {},
  OPTmonth = 	 {},
  pages = 	 {47--58},
  OPTnote = 	 {},
  OPTannote = 	 {}
}

@article{ whitley96evaluating,
    author = "Darrell Whitley and Soraya B. Rana and John Dzubera and Keith E. Mathias",
    title = "Evaluating Evolutionary Algorithms",
    journal = "Artificial Intelligence",
    volume = "85",
    number = "1-2",
    pages = "245-276",
    year = "1996",
    url = "citeseer.ist.psu.edu/whitley96evaluating.html" }

@inproceedings{asparagos1989,
 author = {Martina Gorges-Schleuter},
 title = {ASPARAGOS an asynchronous parallel genetic optimization strategy},
 booktitle = {Proceedings of the third international conference on Genetic algorithms},
 year = {1989},
 isbn = {1-55860-006-3},
 pages = {422--427},
 location = {George Mason University, United States},
 publisher = {Morgan Kaufmann Publishers Inc.},
 address = {San Francisco, CA, USA},
 }

@inproceedings{ halpern01,
  AUTHOR =       "P. Halpern",
  TITLE =        "Evolutionary algorithms on a self-organized, dynamic lattice",
  BOOKTITLE =    "Proceedings of the Second International Conference on Complex System",
  YEAR =         "2001",
  editor =       "Y. Bar-Yam",
  address =      "Perseus, Cambrige",
}

@techreport{ weinert01dynamic,
    author = "Klaus Weinert and J{\"o}rn Mehnen and G{\"u}nter Rudolph",
    title = "Dynamic Neighborhood Structures in Parallel Evolution Strategies",
    number = "CI--112/01",
    address = "Fachbereich Informatik, Universit{\"a}t Dortmund, 44221 Dortmund",
    year = "2001",
    url = "citeseer.ist.psu.edu/446324.html" }

@inproceedings{ dagt04,
  AUTHOR =       "B. Dorronsoro and E. Alba and M. Giacobini and M. Tomassini",
  TITLE =        "The Influence of Grid Shape and Asynchronicity on Cellular Evolutionary Algorithms",
  BOOKTITLE =    "{IEEE} International Conference on Evolutionary Computation",
  YEAR =         "2004",
  editor =       "Y. Shi",
  pages =        "2152-2158",
  address =      "Portland, Oregon",
  month =        "June 20--23",
  publisher =    "IEEE Press",
  url = "citeseer.ist.psu.edu/dorronsoro04influence.html" }


@InProceedings{giacobini:evocop06,
  author = {Mario Giacobini and Mike Preuss and Marco Tomassini},
  title = {Effects of Scale-Free and Small-World Topologies on Binary Coded Self-Adaptive {CEA}},
  booktitle = {Evolutionary Computation in Combinatorial Optimization -- {EvoCOP}~2006},
  year = {2006},
  month =	{10-12 April},
  OPTeditor = {Jens Gottlieb and G\"{u}nther R. Raidl},
  series = {LNCS},
  volume = {3906},
  publisher = {Springer Verlag},
  address =	{Budapest},
  publisher_address =	{Berlin},
  pages = {85--96},
  notes = {part of \cite{evocop06}},
}

@inproceedings{giacobini:gecco05,
 author = {Mario Giacobini and Marco Tomassini and Andrea Tettamanzi},
 title = {Takeover time curves in random and small-world structured populations},
 booktitle = {GECCO '05: Proceedings of the 2005 conference on Genetic and evolutionary computation},
 year = {2005},
 isbn = {1-59593-010-8},
 pages = {1333--1340},
 location = {Washington DC, USA},
 doi = {http://doi.acm.org/10.1145/1068009.1068224},
 publisher = {ACM},
 address = {New York, NY, USA},
 }

@inproceedings{giacobini:gecco04,
 author = {Mario Giacobini and Enrique Alba and Andrea Tettamanzi and Marco Tomassini},
 title = {Modeling Selection Intensity for Toroidal Cellular Evolutionary Algorithms},
 booktitle = {GECCO '04: Proceedings of the 2004 conference on Genetic and evolutionary computation},
 series = {LNCS},
 year = {2004},
 pages = {1138--1149},
 publisher = {Springer Berlin / Heidelberg},
 }

@article{giacobini:regular,
 author = {M. Giacobini and M. Tomassini and A. Tettamanzi and E. Alba},
 title = {Selection intensity in cellular evolutionary algorithms for regular lattices},
 journal = {IEEE Transactions on Evolutionary Computation},
 year = {2005},
 volume = {9},
 number = {5},
 pages = {489--505},
 }


@inproceedings{laredo:empirical,
  author    = {Juan Lu\'{\i}s Jim{\'e}nez Laredo and
               Pedro A. Castillo Valdivieso and
               Ben Paechter and
               Antonio Miguel Mora and
               Eva Alfaro-Cid and
               Anna Esparcia-Alc{\'a}zar and
               Juan Juli{\'a}n Merelo Guerv{\'o}s},
  title     = {Empirical Validation of a Gossiping Communication Mechanism
               for Parallel {EA}s},
  booktitle = {EvoWorkshops},
  year      = {2007},
  pages     = {129-136},
  publisher = {Springer},
  series    = {Lecture Notes in Computer Science},
  volume    = {4448},
}

@proceedings{DBLP:conf/evoW/2007,
  editor    = {Mario Giacobini and
               Anthony Brabazon and
               Stefano Cagnoni and
               Gianni Di Caro and
               Rolf Drechsler and
               Muddassar Farooq and
               Andreas Fink and
               Evelyne Lutton and
               Penousal Machado and
               Stefan Minner and
               Michael O'Neill and
               Juan Romero and
               Franz Rothlauf and
               Giovanni Squillero and
               Hideyuki Takagi and
               Sima Uyar and
               Shengxiang Yang},
  title     = {Applications of Evolutinary Computing, EvoWorkshops 2007:
               EvoCoMnet, EvoFIN, EvoIASP,EvoINTERACTION, EvoMUSART, EvoSTOC
               and EvoTransLog, Valencia, Spain, April11-13, 2007, Proceedings},
  booktitle = {EvoWorkshops},
  publisher = {Springer},
  series    = {Lecture Notes in Computer Science},
  volume    = {4448},
  year      = {2007},
  isbn      = {978-3-540-71804-8},
  bibsource = {DBLP, http://dblp.uni-trier.de}
}








	
