
@Article{laredo10:evag_gpem,
author = {J.L.J. Laredo and A.E. Eiben and M. van Steen and J.J. Merelo},
title = {EvAg: A Scalable Peer-to-Peer Evolutionary Algorithm},
journal = {Genetic Programming and Evolvable Machines},
year = {2010},
OPTkey = {},
OPTvolume = {},
OPTnumber = {},
OPTpages = {},
OPTmonth = {},
note = {http://dx.doi.org/10.1007/s10710-009-9096-z},
OPTannote = {}
}


@InBook{laredo10:chapter_evag,
author = {Juan Luis Jimenez Laredo and Juan Julian Merelo Guervos and Pedro Angel
Castillo Valdivieso},
OPTeditor = {F. Fernandez de Vega and E. Cantu-Paz},
title = {Paral. and Distrib. Comp. Intel.},
chapter = {Evolvable Agents: A Framework for Peer-to-Peer Evolutionary Algorithms},
publisher = {Springer-Verlag Berlin Heidelberg},
year = {2010},
volume = {269},
series = {SCI},
pages = {43--62}
}


@inproceedings{laredo09:population,
 author = {Laredo, Juan Lu\'{\i}s J. and Fernandes, Carlos and Merelo, Juan Juli\'{a}n and Gagn\'{e}, Christian},
 title = {Improving genetic algorithms performance via deterministic population shrinkage},
 booktitle = {GECCO '09: Proceedings of the 11th Annual conference on Genetic and evolutionary computation},
 year = {2009},
 isbn = {978-1-60558-325-9},
 pages = {819--826},
 location = {Montreal, Qu\'{e}bec, Canada},
 doi = {http://doi.acm.org/10.1145/1569901.1570014},
 publisher = {ACM},
 address = {New York, NY, USA},
 }


@InProceedings{laredo09:cache,
author = {Juan Luis J. Laredo and Carlos Fernandes and Antonio Mora and Pedro A. Castillo and Pablo Garcia-Sanchez and Juan Julian Merelo},
title = {Studying the Cache Size in a Gossip-Based Evolutionary Algorithm},
booktitle = {Proceedings of the 3rd International Symposium on Intelligent Distributed Computing},
OPTcrossref = {},
OPTkey = {},
pages = {131--140},
year = {2009},
editor = {G.A. Papadopoulos and C. Badica},
volume = {237},
OPTnumber = {},
series = {Studies in Computational Intelligence},
publisher = {Springer-Verlag Berlin Heidelberg},
}

@inproceedings{ulfsark08,
author={García-Sánchez,P. and Sevilla Martín, J.P. and Merelo, J.J. and Laredo, J.L.J. and Castillo, P.A. and Mora A.M and Casado, F.},
editor={ },
year={2008},
title={Algoritmos evolutivos distribuidos sobre dispositivos {B}luetooth},
booktitle={Actas de las XIX Jornadas de Paralelismo},
pages={481-486}
}


@article{laredo08:churn,
	Author = {Laredo, J.L.J. and Castillo, P.A. and Mora, A.M. and Merelo, J.J. and Fernandes, C.},
	Doi = {http://dx.doi.org/10.1504/IJHPSA.2008.024210},
	Issn = {1751-6528},
	Journal = {Int. J. High Performance Systems Architecture},
	Number = {4},
	Pages = {260--268},
	Publisher = {Inderscience Publishers},
	Title = {Resilience to churn of a peer-to-peer evolutionary algorithm},
	Volume = {1},
	Year = {2008},
}


@inproceedings{laredo08:wpaba,
  author    = {Juan Lu\'{\i}s Jim{\'e}nez Laredo and
               Pedro A. Castillo and
               Antonio M. Mora and
               Carlos Fernandes and
               Juan Juli{\'a}n Merelo},
  title     = {Addressing {C}hurn in a {P}eer-to-{P}eer {E}volutionary {A}lgorithm},
  year      = {2008},
  pages     = {5-12},
  editor    = {Juan Lanchares and
               Francisco Fern{\'a}ndez and
               Jos{\'e} L. Risco-Martin},
  booktitle     = {WPABA'08 - First International Workshop on Parallel Architectures and Bioinspired Algorithms, Toronto, Canada},
  publisher = {Complutense University Of Madrid},
  isbn      = {978-84-691-6513-3}
}


@inproceedings{DBLP:conf/europar/LaredoESCMG08,
  author    = {Juan Lu\'{\i}s Jim{\'e}nez Laredo and
               A. E. Eiben and
               Maarten van Steen and
               Pedro A. Castillo and
               Antonio Miguel Mora and
               Juan Juli{\'a}n Merelo Guerv{\'o}s},
  title     = {P2P Evolutionary Algorithms: A Suitable Approach for Tackling
               Large Instances in Hard Optimization Problems},
  booktitle = {Euro-Par},
  year      = {2008},
  pages     = {622-631},
  ee        = {http://dx.doi.org/10.1007/978-3-540-85451-7_66},
  crossref  = {DBLP:conf/europar/2008},
  bibsource = {DBLP, http://dblp.uni-trier.de}
}

@inproceedings{DBLP:conf/ppsn/LaredoESG08,
  author    = {Juan Lu\'{\i}s Jim{\'e}nez Laredo and
               {\'A}goston E. Eiben and
               Maarten van Steen and
               Juan Juli{\'a}n Merelo Guerv{\'o}s},
  title     = {On the Run-Time Dynamics of a Peer-to-Peer Evolutionary
               Algorithm},
  booktitle = {PPSN},
  year      = {2008},
  pages     = {236-245},
  ee        = {http://dx.doi.org/10.1007/978-3-540-87700-4_24},
  crossref  = {DBLP:conf/ppsn/2008},
  bibsource = {DBLP, http://dblp.uni-trier.de}
}

@inproceedings{DBLP:conf/ppsn/LaredoCMGRF08,
  author    = {Juan Lu\'{\i}s Jim{\'e}nez Laredo and
               Pedro A. Castillo and
               Antonio Miguel Mora and
               Juan Juli{\'a}n Merelo Guerv{\'o}s and
               Agostinho Cl{\'a}udio da Rosa and
               Carlos Fernandes},
  title     = {Evolvable Agents in Static and Dynamic Optimization Problems},
  booktitle = {PPSN},
  year      = {2008},
  pages     = {488-497},
  ee        = {http://dx.doi.org/10.1007/978-3-540-87700-4_49},
  crossref  = {DBLP:conf/ppsn/2008},
  bibsource = {DBLP, http://dblp.uni-trier.de}
}

@article{DBLP:journals/soco/LaredoCMG08,
  author    = {Juan Lu\'{\i}s Jim{\'e}nez Laredo and
               Pedro A. Castillo and
               Antonio Miguel Mora and
               Juan Juli{\'a}n Merelo Guerv{\'o}s},
  title     = {Evolvable agents, a fine grained approach for distributed
               evolutionary computing: walking towards the peer-to-peer
               computing frontiers},
  journal   = {Soft Computing - A Fusion of Foundations, Methodologies and Applications},
  volume    = {12},
  number    = {12},
  year      = {2008},
  pages     = {1145-1156},
  ee        = {http://dx.doi.org/10.1007/s00500-008-0297-9},
  bibsource = {DBLP, http://dblp.uni-trier.de}
}

@inproceedings{DBLP:conf/evoW/LaredoCPMAEM07,
  author    = {Juan Lu\'{\i}s Jim{\'e}nez Laredo and
               Pedro A. Castillo Valdivieso and
               Ben Paechter and
               Antonio Miguel Mora and
               Eva Alfaro-Cid and
               Anna Esparcia-Alc{\'a}zar and
               Juan Juli{\'a}n Merelo Guerv{\'o}s},
  title     = {Empirical Validation of a Gossiping Communication Mechanism
               for Parallel EAs},
  booktitle = {EvoWorkshops},
  year      = {2007},
  pages     = {129-136},
  ee        = {http://dx.doi.org/10.1007/978-3-540-71805-5_14},
  crossref  = {DBLP:conf/evoW/2007},
  bibsource = {DBLP, http://dblp.uni-trier.de}
}
@inproceedings{DBLP:conf/gecco/EibenSLCMG07,
  author    = {A. E. Eiben and
               Marc Schoenauer and
               Juan Lu\'{\i}s Jim{\'e}nez Laredo and
               Pedro A. Castillo Valdivieso and
               Antonio Miguel Mora and
               Juan J. Merelo Guerv{\'o}s},
  title     = {Exploring selection mechanisms for an agent-based distributed
               evolutionary algorithm},
  booktitle = {GECCO (Companion)},
  year      = {2007},
  pages     = {2801-2808},
  ee        = {http://doi.acm.org/10.1145/1274000.1274086},
  crossref  = {DBLP:conf/gecco/2007c},
  bibsource = {DBLP, http://dblp.uni-trier.de}
}

@InProceedings{laredo:cec2008,
author = {J.L.J. Laredo and P.A. Castillo and A.M. Mora and J.J. Merelo},
title = {Exploring Population Structures for Locally Concurrent and Massively Parallel Evolutionary Algorithms},
booktitle = {IEEE Congress on Evolutionary Computation (CEC2008), WCCI2008 Proceedings},
OPTcrossref = {},
OPTkey = {},
pages = {2610--2617},
year = {2008},
OPTeditor = {},
OPTvolume = {},
OPTnumber = {},
OPTseries = {},
OPTaddress = {},
month = {June},
isbn = {978-1-4244-1823-7},
OPTorganization = {},
publisher = {IEEE Press, Hong Kong},
OPTnote = {},
OPTannote = {}
}

@InProceedings{maeb2007:juanlu,
  author =      {J.L.J. Laredo and  P.A. Castillo and  A.M. Mora and  J.J. Merelo},
  title =      {Escalado con un sistema de agentes evolutivos distribuido},
  pages =        {111--118},
  booktitle =      {Actas MAEB 2007},
  crossref =     {maeb:2007}
}


@InProceedings{laredo06:validacion,
  author = 	 {J.L.J.Laredo and P.A. Castillo and G.Romero and A.M. Mora and J.J. Merelo and M.G. Arenas},
  title = 	 {Validaci\'on de un sistema computacional P2P mediante un
estudio emp\'irico},
  booktitle = {XVII Jornadas de Paralelismo -- XVII JP},
  pages = 	 {235--240},
  year = 	 {2006},
  month = 	 {September},
  isbn = {84-690-0551-0}
}

@InProceedings{laredo06:autoadaptacion,
  author = 	 {J.L.J.Laredo and P.A. Castillo and A.M. Mora and J.J. Merelo},
  title = 	 {Estudio preliminar sobre autoadaptaci\'on en agentes evolutivos sobre arquitecturas heterog\'eneas},
  booktitle = {XVII Jornadas de Paralelismo -- XVII JP},
  pages = 	 {389--394},
  year = 	 {2006},
  month = 	 {September},
  isbn = {84-690-0551-0}
}



@proceedings{DBLP:conf/europar/2008,
  editor    = {Emilio Luque and
               Tom{\`a}s Margalef and
               Domingo Benitez},
  title     = {Euro-Par 2008 - Parallel Processing, 14th International
               Euro-Par Conference, Las Palmas de Gran Canaria, Spain,
               August 26-29, 2008, Proceedings},
  booktitle = {Euro-Par},
  publisher = {Springer},
  series    = {Lecture Notes in Computer Science},
  volume    = {5168},
  year      = {2008},
  isbn      = {978-3-540-85450-0},
  bibsource = {DBLP, http://dblp.uni-trier.de}
}

@proceedings{DBLP:conf/ppsn/2008,
  editor    = {G{\"u}nter Rudolph and
               Thomas Jansen and
               Simon M. Lucas and
               Carlo Poloni and
               Nicola Beume},
  title     = {Parallel Problem Solving from Nature - PPSN X, 10th International
               Conference Dortmund, Germany, September 13-17, 2008, Proceedings},
  booktitle = {PPSN},
  publisher = {Springer},
  series    = {Lecture Notes in Computer Science},
  volume    = {5199},
  year      = {2008},
  isbn      = {978-3-540-87699-1},
  bibsource = {DBLP, http://dblp.uni-trier.de}
}

@proceedings{DBLP:conf/evoW/2007,
  editor    = {Mario Giacobini and
               Anthony Brabazon and
               Stefano Cagnoni and
               Gianni Di Caro and
               Rolf Drechsler and
               Muddassar Farooq and
               Andreas Fink and
               Evelyne Lutton and
               Penousal Machado and
               Stefan Minner and
               Michael O'Neill and
               Juan Romero and
               Franz Rothlauf and
               Giovanni Squillero and
               Hideyuki Takagi and
               Sima Uyar and
               Shengxiang Yang},
  title     = {Applications of Evolutinary Computing, EvoWorkshops 2007:
               EvoCoMnet, EvoFIN, EvoIASP,EvoINTERACTION, EvoMUSART, EvoSTOC
               and EvoTransLog, Valencia, Spain, April11-13, 2007, Proceedings},
  booktitle = {EvoWorkshops},
  publisher = {Springer},
  series    = {Lecture Notes in Computer Science},
  volume    = {4448},
  year      = {2007},
  isbn      = {978-3-540-71804-8},
  bibsource = {DBLP, http://dblp.uni-trier.de}
}


@proceedings{DBLP:conf/gecco/2007c,
  editor    = {Dirk Thierens},
  title     = {Genetic and Evolutionary Computation Conference, GECCO 2007,
               Proceedings, London, England, UK, July 7-11, 2007, Companion
               Material},
  booktitle = {GECCO (Companion)},
  publisher = {ACM},
  year      = {2007},
  isbn      = {978-1-59593-698-1},
  bibsource = {DBLP, http://dblp.uni-trier.de}
}

@Proceedings{maeb:2007,
  title = 	 {V Congreso Español sobre Metaheurísticas, Algoritmos Evolutivos y Bioinspirados},
editor = { Francisco Almeida-Rodríguez and Belén Melián-Batista and José A. Moreno-Pérez and J. Marcos Moreno-Vega},
isbn = {978.84-690-3470-5},
  year = 	 2007
}
