

@InProceedings{rcga:eshelman,
author = {L.J. Eshelman and J.D. Schaffer},
title = {Real-coded genetic algorithms and interval-schemata},
booktitle = {Foundations of Genetic Algorithms 2},
pages = {187--202},
year = {1993},
publisher = {Morgan Kaufmann, San Mateo, CA}
}


@Book{gp:koza,
author = {J.R. Koza},
ALTeditor = {},
title = {Genetic Programming: On the Programming of Computers by Means of Natural Selection},
publisher = {MIT Press, Cambridge, MA},
year = {1992}
}

@InProceedings{es:rechenberg,
author = {I. Rechenberg},
title = {Evolution Strategy},
booktitle = {Computational Intelligence: Imitating Life},
year = {1994},
editor = { J.M. Zurada and R.J. Marks and C. Robinson},
publisher = {IEEE Press, Piscataway, NJ}
}

@InProceedings{ep:fogel,
author = {L.J. Fogel},
title = {Evolutionary Programming in Perspective: the Top-down View},
booktitle = {Computational Intelligence: Imitating Life},
year = {1994},
editor = { J.M. Zurada and R.J. Marks and C. Robinson},
publisher = {IEEE Press, Piscataway, NJ}
}


@TechReport{sastry:bisection,
  author = 	 {K. Sastry},
  title = 	 {Evaluation-relaxation schemes for genetic and evolutionary algorithms},
  institution =  {University of Illinois at Urbana-Champaign, Urbana, IL.},
  year = 	 {2001},
  OPTkey = 	 {},
  OPTtype = 	 {},
  number = 	 {2002004},
  OPTaddress = 	 {},
  OPTmonth = 	 {},
  OPTnote = 	 {},
  OPTannote = 	 {}
}

@book{ackley:trap,
 author = {David H. Ackley},
 title = {A connectionist machine for genetic hillclimbing},
 year = {1987},
 isbn = {0-89838-236-X},
 publisher = {Kluwer Academic Publishers},
 address = {Norwell, MA, USA},
 }


@article{asynchrony:ca,
title = "Synchronous and asynchronous updating in cellular automata",
journal = "Biosystems",
volume = "51",
number = "3",
pages = "123 - 143",
year = "1999",
note = "",
issn = "0303-2647",
doi = "DOI: 10.1016/S0303-2647(99)00025-8",
url = "http://www.sciencedirect.com/science/article/B6T2K-3XCFK0R-1/2/93a42cb700fffae29bcd9b8466ee7827",
author = "Birgitt Sch{\"o}nfisch and Andr{\'e} de Roos"
}


@InProceedings{dorronsoro:asynchrony,
    author = {Bernab{\'e} Dorronsoro and Enrique Alba and Mario Giacobini and Marco Tomassini},
    title = {The Influence of Grid Shape and Asynchronicity On Cellular Evolutionary Algorithms},
    booktitle = {In IEEE Congress on Evolutionary Computation (CEC2004},
    year = {2004},
    pages = {2152--2158}
}

@article{dynamo:virtualnodes,
 author = {DeCandia, Giuseppe and Hastorun, Deniz and Jampani, Madan and Kakulapati, Gunavardhan and Lakshman, Avinash and Pilchin, Alex and Sivasubramanian, Swaminathan and Vosshall, Peter and Vogels, Werner},
 title = {Dynamo: amazon's highly available key-value store},
 journal = {SIGOPS Oper. Syst. Rev.},
 volume = {41},
 number = {6},
 year = {2007},
 issn = {0163-5980},
 pages = {205--220},
 doi = {http://doi.acm.org/10.1145/1323293.1294281},
 publisher = {ACM},
 address = {New York, NY, USA},
 }


@incollection{lobo07:review,
	Author = {Lobo, Fernando G. and Lima, Claudio F.},
	Booktitle = {Parameter Setting in Evolutionary Algorithms},
	Date-Modified = {2009-04-01 16:50:36 -0400},
	Pages = {185--204},
	Publisher = {Springer Berlin / Heidelberg},
	Series = {Studies in Computational Intelligence},
	Title = {Adaptive Population Sizing Schemes in Genetic Algorithms},
	Year = {2007}}

@book{goldberg:competent,
	Author = {Goldberg, D.E.},
	Publisher = {Kluwer Academic Publishers, Norwell, MA},
	Title = {The Design of Innovation - Lessons from and for Competent Genetic Algorithms},
	Year = {2002}}

@InProceedings{deb:deception,
author = {K. Deb and D.E. Goldberg},
title = {Analyzing Deception in Trap Functions},
booktitle = {Foundations of Genetic Algorithms, Morgan Kaufmann},
pages = {93--108},
year = {1991},
publisher = {Morgan Kaufmann},
}
