@Book{pec:nedjah,
editor = {N. Nedjah and L. de Macedo Mourelle and E. Alba},
title = {Parallel Evolutionary Computations},
publisher = {Springer},
year = {2006},
volume = {22},
series = {Studies in Computational Intelligence}
}


@InProceedings{cantu:singlerun,
author = {Erick Cant{\'u}-Paz and David E. Goldberg},
title = {Are Multiple Runs of Genetic Algorithms Better than One?},
booktitle = {Genetic and Evolutionary Computation - GECCO 2003},
pages = {801--812},
year = {2003},
volume = {2723},
series = {LNCS},
OPTpublisher = {Springer-Verlag Berlin Heidelberg},
}
    
    
@InProceedings{eiben2007,
author = {AE. Eiben and AR. Griffioen and E. Haasdijk},
title = {Population-based Adaptive Systems: concepts, issues, and the platform NEW TIES},
booktitle = {Proceedings of European Conference on Complex Systems, Dresden, Germany},
year = {2007},
note = {URL http://www.cs.vu.nl/\~gusz/papers/2007-ECCS-PAS.pdf},
}


@InProceedings{hauser94,
author = {R. Hauser and R. M{\"a}nner}, 
title = {Implementation of standard genetic algorithms on MIMD machines},
booktitle = {Parallel Problem Solving from Nature III},
pages = {504--514},
year = {1994},
series = {LNCS},
publisher = {Springer-Verlag, Berlin},
}


@InProceedings{abramson93,
author = {D. Abramson and G. Millis and S. Perkins},
title = {Parallelization of a genetic algorithm for the computation of efficient train schedules},
booktitle = {Proceedings of the Parallel Computing and Transputers Conference},
pages = {139--149},
year = {1993},
editor = { D. Arnold et al.},
publisher = {IOS Press},
}



@Article{barabasi:complex,
  title = {Statistical mechanics of complex networks},
  author = {Albert, R\'eka  and Barab\'asi, Albert-L\'aszl\'o },
  journal = {Rev. Mod. Phys.},
  volume = {74},
  number = {1},
  pages = {47--97},
  numpages = {50},
  year = {2002},
  month = {Jan},
  doi = {10.1103/RevModPhys.74.47},
  publisher = {American Physical Society}
}


@Article{grid:examplearchitecture,
author = {S.B. Akers and B. Krishnamurthy},
title = {A group-theoretic model for symmetric interconnection networks},
journal = {IEEE Transactions on Computers},
year = {1989},
volume = {38},
number = {4},
pages = {555--566},
}


@InProceedings{bux:tokenring,
author = {Werner Bux},
title = {Token-ring local-area networks and their performance},
booktitle = {IEEE},
OPTcrossref = {},
OPTkey = {},
OPTpages = {238--256},
OPTyear = {1989},
OPTeditor = {},
OPTvolume = {77},
OPTnumber = {2},
OPTseries = {},
OPTaddress = {},
OPTmonth = {},
OPTorganization = {},
OPTpublisher = {},
OPTnote = {},
OPTannote = {}
}


@article{gupta07:misd:example,
 author = {Gupta, Nisgeeth and Gupta, Nikhil},
 title = {A VLSI architecture for image registration in real time},
 journal = {IEEE Trans. Very Large Scale Integr. Syst.},
 volume = {15},
 number = {9},
 year = {2007},
 issn = {1063-8210},
 pages = {981--988},
 doi = {http://dx.doi.org/10.1109/TVLSI.2007.902210},
 publisher = {IEEE Educational Activities Department},
 address = {Piscataway, NJ, USA},
 }


@TechReport{stewart05:simd,
author = {Josh Stewart },
title = {An investigation of simd instruction sets},
institution = {School of Information Technology
and Mathematical Sciences, University of Ballarat},
year = {2005},
OPTkey = {},
OPTtype = {},
OPTnumber = {},
OPTaddress = {},
OPTmonth = {},
OPTnote = {},
OPTannote = {}
}


@BOOK{Kumar94,
  AUTHOR =       {V. Kumar and A. Grama and A. Gupta and and G. Karypis},
  TITLE =        {Introduction to Parallel Computing: Design and Analysis of Algorithms},
  PUBLISHER =    {Addison-Wesley Pub Co},
  YEAR =         {1994},
  address =      {Redwood City},
  month =        {January},
  isbn =         {0-8053-3170-0},
}

@article{friedman08:distributed,
 author = {Friedman, Roy and Kermarrec, Anne-Marie and Raynal, Michel},
 title = {Modularity: a first class concept to address distributed systems},
 journal = {SIGACT News},
 volume = {39},
 number = {2},
 year = {2008},
 issn = {0163-5700},
 pages = {91--110},
 doi = {http://doi.acm.org/10.1145/1388240.1388258},
 publisher = {ACM},
 address = {New York, NY, USA},
 }

@Book{peleg00:distributed,
author = {David Peleg},
ALTeditor = {},
title = {Distributed Computing: A Locality-Sensitive Approach},
publisher = {SIAM},
year = {2000},
series = {Monographs on Discrete Mathematics and Applications},
}


@article{Turing36,
author = {A. M. Turing},
journal = {{Proceedings of the London Mathematical Society, Series 2}},
pages = {230-265},
title = {{On computable numbers, with an application to the Entscheidungsproblem}},
volume = {42},
year = {1936}
}

@Misc{Burks:1946:PDL,
  author =       {A. W. Burks and H. H. Goldstine and J. von Neumann},
  title =        {Preliminary discussion of the logical design of an
                 electronic computing instrument},
  howpublished = {Report to the U.S. Army Ordnance Department},
  year =         {1946},
  bibdate =      {Mon Sep 16 16:08:44 2002},
  acknowledgement = ack-nhfb,
}


@article{alba:parallelism,
  author    = {Enrique Alba and
               Marco Tomassini},
  title     = {Parallelism and evolutionary algorithms},
  journal   = {IEEE Trans. Evolutionary Computation},
  volume    = {6},
  number    = {5},
  year      = {2002},
  pages     = {443-462},
  bibsource = {DBLP, http://dblp.uni-trier.de}
}

@article{thierens:scalability,
author = {Dirk Thierens},
title = {Scalability Problems of Simple Genetic Algorithms},
journal = {Evolutionary Computation},
year = {1999},
volume = {7},
number = {4},
pages = {331--352},
}

@article{pelikan:scalability,
title = "Scalability of the Bayesian optimization algorithm",
journal = "International Journal of Approximate Reasoning",
volume = "31",
number = "3",
pages = "221--258",
year = "2002",
doi = "DOI: 10.1016/S0888-613X(02)00095-6",
author = "Martin Pelikan and Kumara Sastry and David E. Goldberg",
}

@article{fernandes:scalability,
author = {Carlos M. Fernandes and Agostinho C. Rosa},
title = {Genetic Algorithms with Assortative Mating in Static and Dynamic Environments},
journal = {Advances in Evolutionary Computation},
publisher = {ARC publisher},
year = {2008},
pages = {181--206},
}

@ARTICLE{TaxFlyn,
  AUTHOR =       {M. J. Flynn},
  TITLE =        {Some computer organizations and their effectiveness},
  JOURNAL =      {IEEE Computer},
  YEAR =         {1972},
  volume =       {21},
  pages =        {948--960},
}

@INPROCEEDINGS{Goldberg91acomparative,
    author = {David E. Goldberg and Kalyanmoy Deb},
    title = {A comparative analysis of selection schemes used in genetic algorithms},
    booktitle = {Foundations of Genetic Algorithms},
    year = {1991},
    pages = {69--93},
    publisher = {Morgan Kaufmann}
}

@inproceedings{balazs:evo09,
  editor    = {Mario Giacobini and Anthony Brabazon and Stefano Cagnoni  and Gianni A. Di Caro and Anik\'{o} Ek\'{a}rt and Anna Isabel Esparcia-Alc\'{a}zar and Muddassar Farooq and Andreas Fink and Penousal Machado},
  booktitle = {Applications of Evolutionary Computing},
  series = {Lecture Notes in Computer Science},
  publisher = {Springer},
  year      = {2009},
  author    = {Bal\'{a}zs B\'{a}nhelyi and Marco Biazzini and Alberto Montresor and M\'{a}rk Jelasity},
  title     = {Peer-to-Peer Optimization in Large Unreliable Networks with Branch-and-Bound and Particle Swarms },
  pages     = {87--92},
  pdfurl = {http://dit.unitn.it/~montreso/pubs/papers/evoworkshop09.pdf},
  type = {CONFERENCE}
}

@inproceedings{folino06:pcage,
  author    = {Gianluigi Folino and
               Giandomenico Spezzano},
  title     = {P-CAGE: An Environment for Evolutionary Computation in Peer-to-Peer
               Systems},
  booktitle = {EuroGP},
  year      = {2006},
  pages     = {341-350},
  ee        = {http://dx.doi.org/10.1007/11729976_31},
  crossref  = {DBLP:conf/eurogp/2006},
  bibsource = {DBLP, http://dblp.uni-trier.de}
}

@inproceedings{vega06:faulttolerance,
 author = {Francisco Fernandez De Vega},
 title = {A Fault Tolerant Optimization Algorithm based on Evolutionary Computation},
 booktitle = {DEPCOS-RELCOMEX '06: Proceedings of the International Conference on Dependability of Computer Systems},
 year = {2006},
 isbn = {0-7695-2565-2},
 pages = {335--342},
 doi = {http://dx.doi.org/10.1109/DEPCOS-RELCOMEX.2006.2},
 publisher = {IEEE Computer Society},
 address = {Washington, DC, USA},
 }
 
 @article{lee:jade,
        author={Wei-Po Lee},
        year={2007},
        title={Parallelizing evolutionary computation: A mobile agent-based approach},
        journal={Expert Systems with Applications},
        volume={32},
        number={2},
        pages={318--328}
}


@article{sotea,
title={The Self-Organization of Interaction Networks for Nature-Inspired Optimization},
author={Whitacre, J.M. and Sarker, R.A. and Pham, Q.T.},
journal={Evolutionary Computation, IEEE Transactions on},
year={2008},
month={April },
volume={12},
number={2},
pages={220-230},
keywords={artificial intelligence, evolutionary computation, optimisationcomplex biological systems, evolutionary algorithm, genetic diversity, interaction epistasis, interaction network self-organization, nature-inspired optimization},
doi={10.1109/TEVC.2007.900327},
ISSN={1089-778X}, }

 
@inproceedings{preuss04ppsn,
title = {On the Importance of Information Speed in Structured Populations.},
author = {Mike Preuss and Christian Lasarczyk},
booktitle = {PPSN},
OPTeditor = {Xin Yao and Edmund K. Burke and José Antonio Lozano and Jim Smith and Juan J. Merelo Guervós and John A. Bullinaria and Jonathan E. Rowe and Peter Tiño and Ata Kabán and Hans-Paul Schwefel},
pages = {91-100},
publisher = {Springer},
OPTseries = {Lecture Notes in Computer Science},
OPTurl = {http://dblp.uni-trier.de/db/conf/ppsn/ppsn2004.html#PreussL04},
volume = {3242},
year = {2004},
OPTisbn = {3-540-23092-0}, 
OPTdate = {2004-12-22},
OPTkeywords = {dblp }
} 

@inproceedings{upali:adaptive,
 author = {W. R. M. U. K. Wickramasinghe and M. van Steen and A. E. Eiben},
 title = {Peer-to-peer evolutionary algorithms with adaptive autonomous selection},
 booktitle = {GECCO '07},
 year = {2007},
 isbn = {978-1-59593-697-4},
 pages = {1460--1467},
 location = {London, England},
 doi = {http://doi.acm.org/10.1145/1276958.1277225},
 publisher = {ACM Press},
 address = {New York, NY, USA},
 }

@inproceedings{laredo:selection,
 author = {J. L. J. Laredo and E. A. Eiben and M. Schoenauer  and P. A. Castillo and A. M. Mora and J. J. Merelo},
 title = {Exploring selection mechanisms for an agent-based distributed evolutionary algorithm},
 booktitle = {GECCO '07},
 year = {2007},
 isbn = {978-1-59593-698-1},
 pages = {2801--2808},
 location = {London, United Kingdom},
 doi = {http://doi.acm.org/10.1145/1274000.1274086},
 publisher = {ACM Press},
 address = {New York, NY, USA},
 }
 
 
	



@Book{alba:cga,
author = {Enrique Alba and Bernabe Dorronsoro},
title = {Cellular Genetic Algorithms},
publisher = {Springer},
year = {2008},
volume = {42},
series = {Operations Research Computer Science Interfaces Series},
}



@book{tomassini,
 author = {Marco Tomassini},
 title = {Spatially Structured Evolutionary Algorithms: Artificial Evolution in Space and Time (Natural Computing Series)},
 year = {2005},
 isbn = {3540241930},

 publisher = {Springer-Verlag New York, Inc.},
 address = {Secaucus, NJ, USA},
 }

@book{cantu:parallelga,
 author = {Erick Cant\'u-Paz},
 title = {Efficient and Accurate Parallel Genetic Algorithms},
 year = {2000},
 isbn = {0792372212},
 publisher = {Kluwer Academic Publishers},
 address = {Norwell, MA, USA},
 }

 @InProceedings{Fernandez:balancing,
  author = 	 {I. Hidalgo and F. Fern\'andez},
  title = 	 {Balancing the Computation Effort in Genetic Algorithms},
  booktitle = {Evolutionary Computation, 2005. The 2005 IEEE Congress on},
  pages = 	 {1645--1652},
volume = 2,
 doi = {10.1109/CEC.2005.1554886},
  year = 	 2005,
  publisher = {IEEE Press}
}


@InProceedings{cantu99:topologies,
author =	{Erick Cant\'u-Paz},
  title =	{Topologies, Migration Rates, and Multi-Population Parallel Genetic Algorithms},
  booktitle =	{Proceedings of the Genetic and Evolutionary Computation Conference},
  year =	{1999},
  editor = 	{Wolfgang Banzhaf and Jason Daida and Agoston E. Eiben and Max H. Garzon and Vasant Honavar and Mark Jakiela and Robert E. Smith},
  volume =	{1},
  pages = 	{91--98},
  address = 	{Orlando, Florida, USA},
  publisher_address = 	{San Francisco, CA 94104, USA},
  month = 	{13-17 July},
  publisher = 	{Morgan Kaufmann},
  note =	{},
  keywords =    {genetic algorithms and classifier systems},
  ISBN =        {1-55860-611-4},
  url =         {http://www.cs.bham.ac.uk/~wbl/biblio/gecco1999/gecco99-topologies.pdf},
  notes =	{GECCO-99
  	A joint meeting of the eighth international conference on
  	genetic algorithms (ICGA-99) and the fourth annual genetic
  	programming conference (GP-99)}
}

@inproceedings{g2dga,
 author = {Johan Berntsson},
 title = {G2{D}{G}{A}: an adaptive framework for internet-based distributed genetic algorithms},
 booktitle = {GECCO '05: Proceedings of the 2005 workshops on Genetic and evolutionary computation},
 year = {2005},
 isbn = {0-123-45699-9},
 pages = {346--349}
}


@inproceedings{asparagos1989,
 author = {Martina Gorges-Schleuter},
 title = {ASPARAGOS an asynchronous parallel genetic optimization strategy},
 booktitle = {Proceedings of the third international conference on Genetic algorithms},
 year = {1989},
 isbn = {1-55860-006-3},
 pages = {422--427},
 location = {George Mason University, United States},
 publisher = {Morgan Kaufmann Publishers Inc.},
 address = {San Francisco, CA, USA},
 }

@inproceedings{ halpern01,
  AUTHOR =       "P. Halpern",
  TITLE =        "Evolutionary algorithms on a self-organized, dynamic lattice",
  BOOKTITLE =    "Proceedings of the Second International Conference on Complex System",
  YEAR =         "2001",
  editor =       "Y. Bar-Yam",
  address =      "Perseus, Cambrige",
}

@techreport{ weinert01dynamic,
    author = "Klaus Weinert and J{\"o}rn Mehnen and G{\"u}nter Rudolph",
    title = "Dynamic Neighborhood Structures in Parallel Evolution Strategies",
    number = "CI--112/01",
    address = "Fachbereich Informatik, Universit{\"a}t Dortmund, 44221 Dortmund",
    year = "2001",
    url = "citeseer.ist.psu.edu/446324.html" }

@inproceedings{ dagt04,
  AUTHOR =       "B. Dorronsoro and E. Alba and M. Giacobini and M. Tomassini",
  TITLE =        "The Influence of Grid Shape and Asynchronicity on Cellular Evolutionary Algorithms",
  BOOKTITLE =    "{IEEE} International Conference on Evolutionary Computation",
  YEAR =         "2004",
  editor =       "Y. Shi",
  pages =        "2152-2158",
  address =      "Portland, Oregon",
  month =        "June 20--23",
  publisher =    "IEEE Press",
  url = "citeseer.ist.psu.edu/dorronsoro04influence.html" }


@InProceedings{giacobini:evocop06,
  author = {Mario Giacobini and Mike Preuss and Marco Tomassini},
  title = {Effects of Scale-Free and Small-World Topologies on Binary Coded Self-Adaptive {CEA}},
  booktitle = {Evolutionary Computation in Combinatorial Optimization -- {EvoCOP}~2006},
  year = {2006},
  month =	{10-12 April},
  editor = {Jens Gottlieb and G\"{u}nther R. Raidl},
  series = {LNCS},
  volume = {3906},
  publisher = {Springer Verlag},
  address =	{Budapest},
  publisher_address =	{Berlin},
  pages = {85--96},
}

@inproceedings{giacobini:gecco05,
 author = {Mario Giacobini and Marco Tomassini and Andrea Tettamanzi},
 title = {Takeover time curves in random and small-world structured populations},
 booktitle = {GECCO '05: Proceedings of the 2005 conference on Genetic and evolutionary computation},
 year = {2005},
 isbn = {1-59593-010-8},
 pages = {1333--1340},
 location = {Washington DC, USA},
 doi = {http://doi.acm.org/10.1145/1068009.1068224},
 publisher = {ACM},
 address = {New York, NY, USA},
 }

@inproceedings{giacobini:gecco04,
 author = {Mario Giacobini and Enrique Alba and Andrea Tettamanzi and Marco Tomassini},
 title = {Modeling Selection Intensity for Toroidal Cellular Evolutionary Algorithms},
 booktitle = {GECCO '04: Proceedings of the 2004 conference on Genetic and evolutionary computation},
 series = {LNCS},
 year = {2004},
 pages = {1138--1149},
 publisher = {Springer Berlin / Heidelberg},
 }

@article{giacobini:regular,
 author = {M. Giacobini and M. Tomassini and A. Tettamanzi and E. Alba},
 title = {Selection intensity in cellular evolutionary algorithms for regular lattices},
 journal = {IEEE Transactions on Evolutionary Computation},
 year = {2005},
 volume = {9},
 number = {5},
 pages = {489--505},
 }



@proceedings{DBLP:conf/eurogp/2006,
  editor    = {Pierre Collet and
               Marco Tomassini and
               Marc Ebner and
               Steven Gustafson and
               Anik{\'o} Ek{\'a}rt},
  title     = {Genetic Programming, 9th European Conference, EuroGP 2006,
               Budapest, Hungary, April 10-12, 2006, Proceedings},
  booktitle = {EuroGP},
  publisher = {Springer},
  series    = {Lecture Notes in Computer Science},
  volume    = {3905},
  year      = {2006},
  isbn      = {3-540-33143-3},
  bibsource = {DBLP, http://dblp.uni-trier.de}
}

@InProceedings{merelo08:agajaj,
author = {J.J. Merelo and P.A. Castillo and J.L.J. Laredo and A.M. Mora  and A. Prieto},
title = {Asynchronous Distributed Genetic Algorithms with {J}avascript and {JSON}},
booktitle = {IEEE Congress on Evolutionary Computation (CEC2008), WCCI2008 Proceedings},
OPTcrossref = {},
OPTkey = {},
pages = {1372--1379},
year = {2008},
OPTeditor = {},
OPTvolume = {},
OPTnumber = {},
OPTseries = {},
OPTaddress = {},
month = {June},
isbn = {978-1-4244-1823-7},
OPTorganization = {},
publisher = {IEEE Press, Hong Kong},
OPTnote = {},
OPTannote = {}
}

@inproceedings{laredo08:large,
	title = {P2{P} {E}volutionary {A}lgorithms: {A} Suitable Approach for Tackling Large Instances in Hard Optimization Problems.},
	author = {J.L.J. Laredo and A.E. Eiben and M. van Steen and P.A. Castillo and A.M. Mora and J.J. Merelo },
	booktitle = {Euro-Par},
	editor = {Emilio Luque and Tomas Margalef and Domingo Benitez},
	pages = {622--631},
	publisher = {Springer},
	series = {Lecture Notes in Computer Science},
	url = {http://dblp.uni-trier.de/db/conf/europar/europar2008.html#LaredoESCMG08},
	volume = {5168},
	year = {2008},
	biburl = {http://www.bibsonomy.org/bibtex/28004d883be9b81ab084cbb2c1e2941eb/dblp},
	description = {dblp},
	date = {2008-08-25}, ee = {http://dx.doi.org/10.1007/978-3-540-85451-7_66}, isbn = {978-3-540-85450-0},
	keywords = {dblp }
}

@InProceedings{laredo:cec2008,
author = {J.L.J. Laredo and P.A. Castillo and A.M. Mora and J.J. Merelo},
title = {Exploring Population Structures for Locally Concurrent and Massively Parallel Evolutionary Algorithms},
booktitle = {IEEE Congress on Evolutionary Computation (CEC2008), WCCI2008 Proceedings},
OPTcrossref = {},
OPTkey = {},
pages = {2610--2617},
year = {2008},
OPTeditor = {},
OPTvolume = {},
OPTnumber = {},
OPTseries = {},
OPTaddress = {},
month = {June},
isbn = {978-1-4244-1823-7},
OPTorganization = {},
publisher = {IEEE Press, Hong Kong},
OPTnote = {},
OPTannote = {}
}

@article{laredo2008:softcomputing,
  author    = {Juan Lu\'{\i}s Jim{\'e}nez Laredo and
               Pedro A. Castillo and
               Antonio Miguel Mora and
               Juan Juli{\'a}n Merelo Guerv{\'o}s},
  title     = {Evolvable agents, a fine grained approach for distributed
               evolutionary computing: walking towards the peer-to-peer
               computing frontiers},
  journal   = {Soft Computing - A Fusion of Foundations, Methodologies and Applications},
  volume    = {12},
  number    = {12},
  year      = {2008},
  pages     = {1145--1156},
  ee        = {http://dx.doi.org/10.1007/s00500-008-0297-9},
  bibsource = {DBLP, http://dblp.uni-trier.de}
}

@inproceedings{laredo:empirical,
  author    = {J.L.J. Laredo and
               P.A. Castillo and
               B. Paechter and
               A.M. Mora and
               E. Alfaro-Cid and
               A. Esparcia-Alc{\'a}zar and
               J.J. Merelo},
  title     = {Empirical Validation of a Gossiping Communication Mechanism
               for Parallel {EA}s},
  booktitle = {EvoWorkshops},
  year      = {2007},
  pages     = {129-136},
  publisher = {Springer},
  series    = {Lecture Notes in Computer Science},
  volume    = {4448},
}

@inproceedings{laredo08:ppsnruntime,
 author = {J.L.J. Laredo and A.E. Eiben and M. van Steen and J.J. Merelo},
 title = {On the Run-Time Dynamics of a Peer-to-Peer Evolutionary Algorithm},
 booktitle = {Proceedings of the 10th international conference on Parallel Problem Solving from Nature},
 year = {2008},
 isbn = {978-3-540-87699-1},
 pages = {236--245},
 location = {Dortmund, Germany},
 doi = {http://dx.doi.org/10.1007/978-3-540-87700-4_24},
 publisher = {Springer-Verlag},
 address = {Berlin, Heidelberg},
 }

